<record><leader>00000cas a22000007a 4500</leader><controlfield tag="001">30877165</controlfield><controlfield tag="008">940803d19261928ncuwr ne      0    0eng d</controlfield><datafield ind1=" " ind2=" " tag="010"><subfield code="a">sn 94058247 </subfield></datafield><datafield ind1=" " ind2=" " tag="040"><subfield code="a">NVJ</subfield><subfield code="b">eng</subfield><subfield code="c">NVJ</subfield><subfield code="d">OCLCQ</subfield></datafield><datafield ind1=" " ind2=" " tag="042"><subfield code="a">msc</subfield></datafield><datafield ind1="0" ind2="0" tag="245"><subfield code="a">Ledger-advance.</subfield></datafield><datafield ind1=" " ind2=" " tag="260"><subfield code="a">Windsor, N.C. :</subfield><subfield code="b">A.L.G. Stephenson</subfield></datafield><datafield ind1=" " ind2=" " tag="300"><subfield code="a">v.</subfield></datafield><datafield ind1=" " ind2=" " tag="310"><subfield code="a">Weekly</subfield></datafield><datafield ind1="1" ind2=" " tag="362"><subfield code="a">Began in 1926.</subfield></datafield><datafield ind1="0" ind2=" " tag="362"><subfield code="a">-v. 80, no. 30 (Sept. 21, 1928).</subfield></datafield><datafield ind1=" " ind2=" " tag="588"><subfield code="a">Description based on: Vol. 41, no. 61 (Feb. 5, 1926).</subfield></datafield><datafield ind1=" " ind2=" " tag="752"><subfield code="a">United States</subfield><subfield code="b">North Carolina</subfield><subfield code="c">Bertie</subfield><subfield code="d">Windsor.</subfield></datafield><datafield ind1="0" ind2="4" tag="780"><subfield code="t">Windsor ledger (Windsor, N.C. : 1889)</subfield><subfield code="w">(DLC)sn 92073962</subfield></datafield><datafield ind1="0" ind2="4" tag="780"><subfield code="t">Aulander advance</subfield></datafield><datafield ind1="0" ind2="1" tag="785"><subfield code="t">Windsor ledger (Windsor, N.C. : 1928)</subfield><subfield code="w">(DLC)sn 94058248</subfield></datafield><datafield ind1="0" ind2="1" tag="785"><subfield code="t">Aulander advance (Aulander, N.C. : 1928)</subfield><subfield code="w">(DLC)sn 94058250</subfield></datafield><datafield ind1="1" ind2=" " tag="029"><subfield code="a">AU@</subfield><subfield code="b">000011230315</subfield></datafield></record>